<marc:collection xmlns:marc="http://www.loc.gov/MARC21/slim" xmlns:xsi="http://www.w3.org/2001/XMLSchema-instance" xsi:schemaLocation="http://www.loc.gov/MARC21/slim http://www.loc.gov/standards/marcxml/schema/MARC21slim.xsd">
    <marc:record type="Bibliographic">
        <marc:leader>01821nem a22003733a 4500</marc:leader>
        <marc:controlfield tag="001">6866950</marc:controlfield>
        <marc:controlfield tag="005">20111019094341.0</marc:controlfield>
        <marc:controlfield tag="008">110422s1941    xx g      a     0   eng d</marc:controlfield>
        <marc:datafield tag="034" ind1="1" ind2=" ">
            <marc:subfield code="a">a</marc:subfield>
            <marc:subfield code="b">100000</marc:subfield>
            <marc:subfield code="d">11.666666666666666</marc:subfield>
            <marc:subfield code="e">12</marc:subfield>
            <marc:subfield code="f">33.333333333333336</marc:subfield>
            <marc:subfield code="g">33</marc:subfield>
        </marc:datafield>
        <marc:datafield tag="035" ind1=" " ind2=" ">
            <marc:subfield code="a">(NjP Geomap) 68517</marc:subfield>
        </marc:datafield>
        <marc:datafield tag="040" ind1=" " ind2=" ">
            <marc:subfield code="c">NjP</marc:subfield>
        </marc:datafield>
        <marc:datafield tag="041" ind1="0" ind2=" ">
            <marc:subfield code="a">eng</marc:subfield>
        </marc:datafield>
        <marc:datafield tag="245" ind1="0" ind2="0">
            <marc:subfield code="a">Tripoli 1:100,000. Pisida. Sheet 1271. Series Provisional G.S.G.S. 3980</marc:subfield>
            <marc:subfield code="h">[cartographic material].</marc:subfield>
        </marc:datafield>
        <marc:datafield tag="250" ind1=" " ind2=" ">
            <marc:subfield code="a">Provisional. Reproduced 1943</marc:subfield>
        </marc:datafield>
        <marc:datafield tag="255" ind1=" " ind2=" ">
            <marc:subfield code="a">Scale 1:100,000 or 1 in. = 1 1.578 mi.</marc:subfield>
            <marc:subfield code="c">(E 11°40ʹ--E 12°0ʹ/N 33°20ʹ--N 33°0ʹ)</marc:subfield>
        </marc:datafield>
        <marc:datafield tag="260" ind1=" " ind2=" ">
            <marc:subfield code="a">[London] : </marc:subfield>
            <marc:subfield code="b">War Office, </marc:subfield>
            <marc:subfield code="c">1941.</marc:subfield>
        </marc:datafield>
        <marc:datafield tag="300" ind1=" " ind2=" ">
            <marc:subfield code="a">1 map on 31 sheets.</marc:subfield>
        </marc:datafield>
        <marc:datafield tag="490" ind1="0" ind2=" ">
            <marc:subfield code="a">Great Britain. Army. Royal Engineers. Field Survey Coy., ;</marc:subfield>
            <marc:subfield code="v">512</marc:subfield>
        </marc:datafield>
        <marc:datafield tag="490" ind1="0" ind2=" ">
            <marc:subfield code="a">Great Britain. Army. Middle East Forces. M. D. ;</marc:subfield>
            <marc:subfield code="v">R.343</marc:subfield>
        </marc:datafield>
        <marc:datafield tag="500" ind1=" " ind2=" ">
            <marc:subfield code="a">Great Britain. War Office. General Staff. Geographical Section. Provisional G.S.G.S. 3980.</marc:subfield>
        </marc:datafield>
        <marc:datafield tag="500" ind1=" " ind2=" ">
            <marc:subfield code="a">United States. Army Map Service.</marc:subfield>
        </marc:datafield>
        <marc:datafield tag="500" ind1=" " ind2=" ">
            <marc:subfield code="a">Alternate title: 1:100,000 Tripoli. Sheet 1271,Pisida. Relief shown by 25 metres and 5 metre (approximate) contour interval and spot heights. Reproduced by Great Britain. Army. Royal Engineers. Field Survey Coy., 512 (A. Fd. Svy) Coy R. E. from Italian 1:100,000 sheet, Pisida, published by the Istituto Geografico Militare, 1937. Map is part of a set of 31 sheets.</marc:subfield>
        </marc:datafield>
        <marc:datafield tag="546" ind1=" " ind2=" ">
            <marc:subfield code="a">In English.</marc:subfield>
        </marc:datafield>
        <marc:datafield tag="650" ind1=" " ind2="0">
            <marc:subfield code="a">Topographic maps.</marc:subfield>
        </marc:datafield>
        <marc:datafield tag="650" ind1=" " ind2="0">
            <marc:subfield code="a">Geomorphology.</marc:subfield>
        </marc:datafield>
        <marc:datafield tag="651" ind1=" " ind2="0">
            <marc:subfield code="a">Libya</marc:subfield>
            <marc:subfield code="v">Maps.</marc:subfield>
        </marc:datafield>
        <marc:datafield tag="651" ind1=" " ind2="7">
            <marc:subfield code="a">Libya--Tarabulus Region.</marc:subfield>
            <marc:subfield code="2">local</marc:subfield>
        </marc:datafield>
        <marc:datafield tag="651" ind1=" " ind2="7">
            <marc:subfield code="a">Libya--Tripolitana.</marc:subfield>
            <marc:subfield code="2">local</marc:subfield>
        </marc:datafield>
        <marc:datafield tag="651" ind1=" " ind2="7">
            <marc:subfield code="a">Libya--Bu Kammash.</marc:subfield>
            <marc:subfield code="2">local</marc:subfield>
        </marc:datafield>
        <marc:datafield tag="651" ind1=" " ind2="7">
            <marc:subfield code="a">Libya--Abu Kammash.</marc:subfield>
            <marc:subfield code="2">local</marc:subfield>
        </marc:datafield>
        <marc:datafield tag="651" ind1=" " ind2="7">
            <marc:subfield code="a">Libya--Pisida Sheet.</marc:subfield>
            <marc:subfield code="2">local</marc:subfield>
        </marc:datafield>
        <marc:datafield tag="651" ind1=" " ind2="7">
            <marc:subfield code="a">Libya--Baladiyat an-Nuqat al-Khams.</marc:subfield>
            <marc:subfield code="2">local</marc:subfield>
        </marc:datafield>
        <marc:datafield tag="852" ind1="8" ind2=" ">
            <marc:subfield code="b">scimcm</marc:subfield>
            <marc:subfield code="h">G8261.C2.s100.W3O3 sh 1271</marc:subfield>
        </marc:datafield>
        <marc:datafield tag="856" ind1=" " ind2=" ">
            <marc:subfield code="u">http://gisserver.princeton.edu/map/2690</marc:subfield>
        </marc:datafield>
    </marc:record>
    <marc:record type="Holdings">
        <marc:leader>00191nx  a22000851  4500</marc:leader>
        <marc:controlfield tag="001">6780126</marc:controlfield>
        <marc:controlfield tag="004">6866950</marc:controlfield>
        <marc:controlfield tag="005">20111019094344.0</marc:controlfield>
        <marc:controlfield tag="008">1110190u||||8|||4001uu|||0000000</marc:controlfield>
        <marc:datafield tag="852" ind1="8" ind2=" ">
            <marc:subfield code="b">scimcm</marc:subfield>
            <marc:subfield code="h">G8261.C2.s100.W3O3 sh 1271</marc:subfield>
        </marc:datafield>
    </marc:record>
</marc:collection>
